@article{espitia2022,
  title={Pandemic trade COVID-19, remote work and global value chains},
  author={Espitia, Alvaro and Mattoo, Aaditya and Rocha, Nadia and Ruta, Michele and Winkler, Deborah},
  journal={The World Economy},
  volume={45},
  number={2},
  pages={561--589},
  year={2022},
  publisher={Wiley Online Library}
}

@article{djokic2022,
  title={World economy in the time of pandemic: Consequences of COVID-19 on world output, trade and employment},
  author={{\DJ}oki{\'c}, Milica},
  journal={Economics of Sustainable Development},
  volume={6},
  number={1},
  pages={57--72},
  year={2022}
}

@online{worldbank,
  author = {World Bank, Open Data },
  title = {World Bank Open Data},
  url = {https://data.worldbank.org/},
  urldate = {2025-05-10}, 
}

@article{keynes1937,
  title={The general theory of employment},
  author={Keynes, John Maynard},
  journal={The quarterly journal of economics},
  volume={51},
  number={2},
  pages={209--223},
  year={1937},
  publisher={MIT Press}
}

@online{Worldbankblog,
 author = {MetreauKathryn Eric and Young,Elizabeth and Eapen, Shwetha 
},
 title = {Clasificación de países del Banco Mundial por nivel de ingreso correspondiente a 2024-25},
 year = {2024},
 url = {https://blogs.worldbank.org/es/opendata/clasificacion-de-paises-del-banco-mundial-por-nivel-de-ingreso-2024-25},
 urldate = {2025-05-14},
    }

